<?xml version="1.0" encoding="UTF-8"?><collection xmlns="http://www.loc.gov/MARC21/slim"><record><leader>00551nam--2200157-i-4500</leader><controlfield tag="001">000004992</controlfield><controlfield tag="002">20161230</controlfield><controlfield tag="005">20170111001726</controlfield><controlfield tag="008">060222s1000------------r-----000-0-eng-d</controlfield><datafield ind1=" " ind2=" " tag="100"><subfield code="a">Bartolozzi, Giorgio</subfield></datafield><datafield ind1=" " ind2=" " tag="245"><subfield code="a">Attrezzatura sperimentale per la determina- zione degli sforzi nella chiodatura di una struttura a guscio imbozzata</subfield></datafield><datafield ind1=" " ind2=" " tag="260"><subfield code="a">Pisa</subfield><subfield code="b">Biblioteca Centrale Della Univers</subfield><subfield code="c">1959</subfield></datafield><datafield ind1=" " ind2=" " tag="300"><subfield code="a">10 p. + 14 Fig</subfield></datafield><datafield ind1=" " ind2=" " tag="490"><subfield code="a">Publicazioni Della Facolta D Ingegneria Dell U Niversita Di Pisa</subfield></datafield><datafield ind1=" " ind2=" " tag="852"><subfield code="a">15255</subfield></datafield><datafield ind1=" " ind2=" " tag="CAT"><subfield code="a">SYS</subfield><subfield code="c">20170111</subfield><subfield code="h">001726</subfield></datafield></record></collection>